@article{baballe2022review,
  author    = {Baballe, M. A. and others},
  title     = {A Review of Unmanned Aerial Vehicle (UAV): Its Impact and Challenges},
  journal   = {CAENS Conference Proceedings},
  year      = {2022}
}

@article{aabid2022reviews,
  author    = {Aabid, A. and others},
  title     = {Reviews on Design and Development of Unmanned Aerial Vehicle (Drone) for Different Applications},
  journal   = {Journal of Mechanical Engineering Research and Developments},
  year      = {2022}
}

@article{rotary,
  author    = {Aabid, A. and others},
  title     = {Section on rotary vs. fixed-wing performance and limitations in UAV design and field deployment},
  journal   = {Journal of Mechanical Engineering Research and Developments},
  year      = {2022}
}

@article{shakhatreh2019survey,
  author    = {Shakhatreh, H. and others},
  title     = {Unmanned Aerial Vehicles (UAVs): A Survey on Civil Applications and Key Research Challenges},
  journal   = {IEEE Access},
  volume    = {7},
  pages     = {48572--48634},
  year      = {2019},
  doi       = {10.1109/ACCESS.2019.2909530}
}

@inproceedings{wang2018esrgan,
  author    = {X. Wang and K. Yu and S. Wu and J. Gu and Y. Liu and C. Dong and Y. Qiao and C. C. Loy},
  title     = {ESRGAN: Enhanced super-resolution generative adversarial networks},
  booktitle = {Proc. Eur. Conf. Comput. Vis. (ECCV) Workshops},
  year      = {2018},
  pages     = {63--79},
  note      = {[Online]. Available: \url{https://arxiv.org/abs/1809.00219}}
}

@article{dong2016srcnn,
  author    = {C. Dong and C. C. Loy and K. He and X. Tang},
  title     = {Image super-resolution using deep convolutional networks},
  journal   = {IEEE Trans. Pattern Anal. Mach. Intell.},
  volume    = {38},
  number    = {2},
  pages     = {295--307},
  year      = {2016},
  month     = feb,
  note      = {[Online]. Available: \url{https://ieeexplore.ieee.org/document/7130009}}
}

@inproceedings{lim2017edsr,
  author    = {B. Lim and S. Son and H. Kim and S. Nah and K. M. Lee},
  title     = {Enhanced deep residual networks for single image super-resolution},
  booktitle = {Proc. IEEE Conf. Comput. Vis. Pattern Recognit. Workshops},
  year      = {2017},
  pages     = {136--144},
  note      = {[Online]. Available: \url{https://arxiv.org/abs/1707.02921}}
}

@article{bhuju2019cnn,
  author    = {S. K. Bhuju and P. K. Jha and P. K. Bhattarai},
  title     = {Land cover classification from fused DSM and UAV images using convolutional neural networks},
  journal   = {Remote Sens.},
  volume    = {11},
  number    = {12},
  pages     = {1461},
  year      = {2019},
  note      = {[Online]. Available: \url{https://www.mdpi.com/2072-4292/11/12/1461}}
}

@article{bui2022combination,
  author    = {Q. Bui and V. Hoang and T. Tran and L. T. Phuong},
  title     = {Combination of UAV Images and DSM for Land Cover Classification Using Convolutional Neural Network},
  journal   = {VNU Journal of Science: Earth and Environmental Sciences},
  volume    = {38},
  number    = {1},
  pages     = {1--10},
  year      = {2022},
  month     = mar
}

@article{naushad2021deep,
  author    = {R. Naushad and T. Kaur and E. Ghaderpour},
  title     = {Deep Transfer Learning for Land Use and Land Cover Classification: A Comparative Study},
  journal   = {arXiv preprint arXiv:2110.02580},
  year      = {2021},
  month     = oct
}

@article{tuna2018single,
  author    = {C. Tuna and G. Unal and E. Sertel},
  title     = {Single-Frame Super Resolution of Remote-Sensing Images by Convolutional Neural Networks},
  journal   = {International Journal of Remote Sensing},
  volume    = {39},
  number    = {8},
  pages     = {2463--2479},
  year      = {2018},
  month     = apr
}

@misc{opencv2023,
  author    = {{OpenCV}},
  title     = {Open source computer vision library},
  year      = {2023},
  note      = {[Online]. Available: \url{https://opencv.org/} [Accessed: May 18, 2025]}
}

@misc{scikit2023,
  author    = {{scikit-learn}},
  title     = {Machine learning in Python},
  year      = {2023},
  note      = {[Online]. Available: \url{https://scikit-learn.org/} [Accessed: May 17, 2025]}
}

@misc{tensorflow2023,
  author    = {{TensorFlow}},
  title     = {An end-to-end open source machine learning platform},
  year      = {2023},
  note      = {[Online]. Available: \url{https://www.tensorflow.org/} [Accessed: May 17, 2025]}
}

@misc{pytorch2023,
  author    = {{PyTorch}},
  title     = {An open source machine learning framework},
  year      = {2023},
  note      = {[Online]. Available: \url{https://pytorch.org/} [Accessed: May 17, 2025]}
}

@misc{gdal2023,
  author    = {{GDAL}},
  title     = {Geospatial Data Abstraction Library},
  year      = {2023},
  note      = {[Online]. Available: \url{https://gdal.org/} [Accessed: May 19, 2025]}
}

@misc{frtc2023nlcms,
  author    = {{Forest Research and Training Centre (FRTC)} and {ICIMOD}},
  title     = {Nepal national land cover monitoring system (NLCMS)},
  year      = {2023},
  note      = {[Online]. Available: \url{https://rds.icimod.org/Home/DataDetail?metadataId=1972729} [Accessed: May 19, 2025]}
}

@misc{icimod2011landuse,
  author    = {{ICIMOD}},
  title     = {Landuse dataset of Kathmandu Metropolitan City},
  year      = {2011},
  note      = {[Online]. Available: \url{https://rds.icimod.org/Home/DataDetail?metadataId=8624} [Accessed: May 19, 2025]}
}

@misc{osm2023kathmandu,
  author    = {{OpenStreetMap}},
  title     = {Land-use polygons for Kathmandu},
  year      = {2023},
  note      = {[Online]. Available: \url{https://data.humdata.org/dataset/openstreetmap-kathmandu-landuse} [Accessed: May 19, 2025]}
}

